@article{jones1997really,
  title={What really happened on mars rover pathfinder},
  author={Jones, Mike},
  journal={The Risks Digest},
  volume={19},
  number={49},
  pages={1--2},
  year={1997}
}

@article{albert2004comparison,
	title={Comparison of event-triggered and time-triggered concepts with regard to distributed control systems},
	author={Albert, Amos and others},
	journal={Embedded world},
	volume={2004},
	pages={235--252},
	year={2004}
}

@incollection{kopetz1991event,
	title={Event-triggered versus time-triggered real-time systems},
	author={Kopetz, Hermann},
	booktitle={Operating Systems of the 90s and Beyond},
	pages={86--101},
	year={1991},
	publisher={Springer}
}

@article{kopetz2003time,
	title={The time-triggered architecture},
	author={Kopetz, Hermann and Bauer, G{\"u}nther},
	journal={Proceedings of the IEEE},
	volume={91},
	number={1},
	pages={112--126},
	year={2003},
	publisher={IEEE}
}

@article{henzinger2008two,
	title={Two challenges in embedded systems design: predictability and robustness},
	author={Henzinger, Thomas A},
	journal={Philosophical Transactions of the Royal Society A: Mathematical, Physical and Engineering Sciences},
	volume={366},
	number={1881},
	pages={3727--3736},
	year={2008},
	publisher={The Royal Society London}
}

@techreport{Lee:EECS-2009-30,
	Author = {Lee, Edward A.},
	Title = {Computing Needs Time},
	Institution = {EECS Department, University of California, Berkeley},
	Year = {2009},
	Month = {Feb},
	URL = {http://www2.eecs.berkeley.edu/Pubs/TechRpts/2009/EECS-2009-30.html},
	Number = {UCB/EECS-2009-30},
	Note = {See also - \url{http://chess.eecs.berkeley.edu/pubs/615.html} Published Version, Communications of the ACM, 52(5), pp. 70-79, May 2009}
}

@article{Stankovic93whatis,
	author = {John A. Stankovic and Krithi Ramamritham},
	title = {What is Predictability for Real-Time Systems?},
	journal = {Real-Time Systems},
	year = {1993},
	volume = {2},
	pages = {247--254}
}

@techreport{feiler2000improving,
	title={Improving predictability in embedded real-time systems},
	author={Feiler, Peter H and Lewis, Bruce and Vestal, Steve},
	year={2000},
	institution={CARNEGIE-MELLON UNIV PITTSBURGH PA SOFTWARE ENGINEERING INST}
}


@article{gray1991high,
  title={High-availability computer systems},
  author={Gray, Jim and Siewiorek, Daniel P.},
  journal={Computer},
  volume={24},
  number={9},
  pages={39--48},
  year={1991},
  publisher={IEEE}
}

@manual{mbedoseventqueue,
	author={arm MBED},
	title={The EventQueue API},
	version={Version 5.12},
	language={English},
	organisation={arm MBED},
	note={Available at: \url{https://os.mbed.com/docs/mbed-os/v5.12/tutorials/the-eventqueue-api.html}}
}
